<record><leader>00000cas a22000007a 4500</leader><controlfield tag="001">10897631</controlfield><controlfield tag="008">840628d18951897mtuwr ne      0    0eng d</controlfield><datafield ind1=" " ind2=" " tag="010"><subfield code="a">sn 84036101 </subfield></datafield><datafield ind1=" " ind2=" " tag="040"><subfield code="a">MTL</subfield><subfield code="b">eng</subfield><subfield code="c">MTL</subfield><subfield code="d">OCLCQ</subfield></datafield><datafield ind1=" " ind2=" " tag="042"><subfield code="a">msc</subfield></datafield><datafield ind1="0" ind2=" " tag="130"><subfield code="a">Express (Big Timber, Mont.)</subfield></datafield><datafield ind1="1" ind2="4" tag="245"><subfield code="a">The Express.</subfield></datafield><datafield ind1=" " ind2=" " tag="260"><subfield code="a">Big Timber, Mont. :</subfield><subfield code="b">Aitken &amp; Potter,</subfield><subfield code="c">1895-1897.</subfield></datafield><datafield ind1=" " ind2=" " tag="300"><subfield code="a">2 v. :</subfield><subfield code="b">ill.</subfield></datafield><datafield ind1=" " ind2=" " tag="310"><subfield code="a">Weekly</subfield></datafield><datafield ind1="0" ind2=" " tag="362"><subfield code="a">Vol. 1, no. 1 (Oct. 2, 1895)-v. 2, no. 37 (June 5, 1897).</subfield></datafield><datafield ind1=" " ind2=" " tag="500"><subfield code="a">"Republican."</subfield></datafield><datafield ind1=" " ind2=" " tag="500"><subfield code="a">Publisher varies: Aitken &amp; Potter, 1895-1896.--Aitken &amp; Olmstead, 1896-1897.</subfield></datafield><datafield ind1=" " ind2=" " tag="752"><subfield code="a">United States</subfield><subfield code="b">Montana</subfield><subfield code="c">Sweet Grass</subfield><subfield code="d">Big Timber.</subfield></datafield><datafield ind1="0" ind2="0" tag="780"><subfield code="t">Columbus express</subfield><subfield code="w">(DLC)sn 84036100</subfield></datafield><datafield ind1="0" ind2="0" tag="785"><subfield code="t">Big Timber express</subfield><subfield code="w">(DLC)sn 84036102</subfield></datafield></record>